<record><leader>00000cas a22000007a 4500</leader><controlfield tag="001">32968250</controlfield><controlfield tag="008">950811d19821985cauwr ne      0    0eng d</controlfield><datafield ind1=" " ind2=" " tag="010"><subfield code="a">sn 95062334 </subfield></datafield><datafield ind1=" " ind2=" " tag="040"><subfield code="a">CNK</subfield><subfield code="b">eng</subfield><subfield code="c">CNK</subfield><subfield code="d">OCLCQ</subfield><subfield code="d">OCLCO</subfield></datafield><datafield ind1="1" ind2=" " tag="029"><subfield code="a">AU@</subfield><subfield code="b">000025877864</subfield></datafield><datafield ind1=" " ind2=" " tag="042"><subfield code="a">msc</subfield></datafield><datafield ind1=" " ind2=" " tag="043"><subfield code="a">n-us-ca</subfield></datafield><datafield ind1="0" ind2="0" tag="245"><subfield code="a">Terra Linda/San Rafael news pointer.</subfield></datafield><datafield ind1=" " ind2=" " tag="260"><subfield code="a">San Rafael, CA :</subfield><subfield code="b">Marin Suburban Newspapers</subfield></datafield><datafield ind1=" " ind2=" " tag="300"><subfield code="a">v.</subfield></datafield><datafield ind1=" " ind2=" " tag="310"><subfield code="a">Weekly</subfield></datafield><datafield ind1="0" ind2=" " tag="362"><subfield code="a">Vol. 29, issue 26 (Dec. 1-7, 1982)-v. 32, issue 2 (Apr. 17-23, 1985).</subfield></datafield><datafield ind1=" " ind2="0" tag="651"><subfield code="a">Terra Linda (Calif.)</subfield><subfield code="v">Newspapers.</subfield></datafield><datafield ind1=" " ind2="0" tag="651"><subfield code="a">San Rafael (Calif.)</subfield><subfield code="v">Newspapers.</subfield></datafield><datafield ind1=" " ind2=" " tag="752"><subfield code="a">United States</subfield><subfield code="b">California</subfield><subfield code="c">Marin</subfield><subfield code="d">San Rafael.</subfield></datafield><datafield ind1="0" ind2="0" tag="780"><subfield code="t">News pointer</subfield><subfield code="w">(DLC)sn 95062333</subfield></datafield><datafield ind1="0" ind2="0" tag="785"><subfield code="t">San Rafael/Terra Linda news</subfield><subfield code="w">(DLC)sn 95062335</subfield></datafield></record>